<record><leader>00000cas a2200000 a 4500</leader><controlfield tag="001">25735909</controlfield><controlfield tag="007">hd afu---bucu</controlfield><controlfield tag="007">hd bfu---bubu</controlfield><controlfield tag="008">920429d18201822ohuwr nea     0    0eng c</controlfield><datafield ind1=" " ind2=" " tag="010"><subfield code="a">  2013252365</subfield></datafield><datafield ind1=" " ind2=" " tag="040"><subfield code="a">EXW</subfield><subfield code="b">eng</subfield><subfield code="c">EXW</subfield><subfield code="d">OCLCQ</subfield><subfield code="d">WAU</subfield><subfield code="d">OCLCF</subfield><subfield code="d">OCLCQ</subfield></datafield><datafield ind1=" " ind2=" " tag="042"><subfield code="a">pcc</subfield></datafield><datafield ind1=" " ind2=" " tag="043"><subfield code="a">n-us-oh</subfield></datafield><datafield ind1="0" ind2=" " tag="130"><subfield code="a">Western spy, and literary cadet (Cincinnati, Ohio : 1820)</subfield></datafield><datafield ind1="1" ind2="0" tag="245"><subfield code="a">Western spy, and literary cadet.</subfield></datafield><datafield ind1="3" ind2="0" tag="246"><subfield code="a">Western spy, &amp; literary cadet</subfield></datafield><datafield ind1=" " ind2=" " tag="260"><subfield code="a">Cincinnati, Ohio :</subfield><subfield code="b">Looker, Palmer &amp; Reynolds</subfield></datafield><datafield ind1=" " ind2=" " tag="300"><subfield code="a">3 volumes :</subfield><subfield code="b">illustrations ;</subfield><subfield code="c">52 cm</subfield></datafield><datafield ind1=" " ind2=" " tag="310"><subfield code="a">Weekly</subfield></datafield><datafield ind1=" " ind2=" " tag="336"><subfield code="a">text</subfield><subfield code="b">txt</subfield><subfield code="2">rdacontent</subfield></datafield><datafield ind1=" " ind2=" " tag="337"><subfield code="a">microform</subfield><subfield code="b">h</subfield><subfield code="2">rdamedia</subfield></datafield><datafield ind1=" " ind2=" " tag="338"><subfield code="a">microfilm reel</subfield><subfield code="b">hd</subfield><subfield code="2">rdacarrier</subfield></datafield><datafield ind1="1" ind2=" " tag="362"><subfield code="a">Began with: New ser., v. 7, no. 308 (Apr. 29, 1820); ceased with: new ser., v. 9, no. 447 (Dec. 28, 1822).</subfield></datafield><datafield ind1=" " ind2=" " tag="500"><subfield code="a">Publishers: Looker, Palmer &amp; Reynolds, Apr. 29, 1820-July 28, 1821 ; J.H. Looker &amp; S. Reynolds, Aug. 4, 1821-Dec. 28, 1822.</subfield></datafield><datafield ind1=" " ind2=" " tag="515"><subfield code="a">Vols. also carry whole numbering, no. 510-646.</subfield></datafield><datafield ind1=" " ind2=" " tag="525"><subfield code="a">Has occasional supplements.</subfield></datafield><datafield ind1=" " ind2=" " tag="588"><subfield code="a">Description based on: New ser., v. 7, no. 308 (Apr. 29, 1820); title from masthead.</subfield></datafield><datafield ind1=" " ind2=" " tag="588"><subfield code="a">Latest issue consulted: New ser., v. 9, no. 447 (Dec. 28, 1822).</subfield></datafield><datafield ind1=" " ind2=" " tag="533"><subfield code="a">Microfilm.</subfield><subfield code="b">Columbus, Ohio :</subfield><subfield code="c">Filmed by Metropolitan Microfilming Co. for The Historical and Philosophical Society of Ohio,</subfield><subfield code="e">microfilm reels ; 35 mm. : negative.</subfield><subfield code="n">Western spy, and Hamilton gazette; Western spy, and Miami gazette; Western spy; and: Western spy, and Cincinnati general advertiser.</subfield></datafield><datafield ind1=" " ind2="0" tag="651"><subfield code="a">Cincinnati (Ohio)</subfield><subfield code="v">Newspapers.</subfield></datafield><datafield ind1=" " ind2="0" tag="651"><subfield code="a">Hamilton County (Ohio)</subfield><subfield code="v">Newspapers.</subfield></datafield><datafield ind1=" " ind2="7" tag="651"><subfield code="a">Ohio</subfield><subfield code="z">Cincinnati.</subfield><subfield code="2">fast</subfield><subfield code="0">(OCoLC)fst01205142</subfield></datafield><datafield ind1=" " ind2="7" tag="651"><subfield code="a">Ohio</subfield><subfield code="z">Hamilton County.</subfield><subfield code="2">fast</subfield><subfield code="0">(OCoLC)fst01205597</subfield></datafield><datafield ind1=" " ind2="7" tag="655"><subfield code="a">Newspapers.</subfield><subfield code="2">fast</subfield><subfield code="0">(OCoLC)fst01423814</subfield></datafield><datafield ind1="1" ind2=" " tag="700"><subfield code="a">Palmer, Thomas,</subfield><subfield code="d">1776-1846.</subfield></datafield><datafield ind1="1" ind2=" " tag="700"><subfield code="a">Reynolds, Sackett,</subfield><subfield code="d">1794-1867.</subfield></datafield><datafield ind1="1" ind2=" " tag="700"><subfield code="a">Looker, James H.</subfield></datafield><datafield ind1="2" ind2=" " tag="710"><subfield code="a">Historical and Philosophical Society of Ohio.</subfield></datafield><datafield ind1=" " ind2=" " tag="752"><subfield code="a">United States</subfield><subfield code="b">Ohio</subfield><subfield code="c">Hamilton</subfield><subfield code="d">Cincinnati.</subfield></datafield><datafield ind1="1" ind2=" " tag="776"><subfield code="t">Western spy, and literary cadet (Cincinnati, Ohio : 1820)</subfield><subfield code="w">(DLC)sn 83035061</subfield><subfield code="w">(OCoLC)9391293</subfield></datafield><datafield ind1="0" ind2="0" tag="780"><subfield code="t">Western spy, and Cincinnati general advertiser</subfield><subfield code="w">(DLC)  2013252364</subfield><subfield code="w">(OCoLC)25735807</subfield></datafield></record>